%[1] W.-K. Chen, Linear Networks and Systems. Belmont, CA: Wadsworth, 1993, pp. 123–135. (book example, omit page numbers if needed)
@book{chen1993linear,
author={Chen, W-K},
year={1993},
title={Linear Networks and Systems},
publisher={Wadsworth},
address={Belmont, CA},
pages={123--135}
}

%[2] S. Chen, B. Mulgrew, and P. M. Grant, “Automatic equalization for digital communication,” Journal of Systems Technology, vol. 44, no. 4, pp. 547–588, Apr. 1965. (periodical or journal article example)
@article{chen1965automatic,
author={Chen, S and Mulgrew, B and Grant, P M},
year={1965},
title={Automatic equalization for digital communication},
journal={Journal of Systems Technology},
volume={44},
pages={547--588}
}

%[3] S. P. Bingulac, “On the compatibility of adaptive controllers,” in Proc. 4th Annal. Allerton Conf. Circuits and Systems Theory, New York, 1994, pp. 8–16. (conference paper example)
@inproceedings{bingulac1994on,
author={Bingulac, S P},
year={1994},
title={On the compatibility of adaptive controllers},
booktitle={Proc. 4th. Annal. Allerton Conf. Circuits and Systems Theory},
address={New York},
pages={8--16}
}

%[4] R. J. Vidmar, “On the use of atmospheric plasmas as electromagnetic reflectors,” IEEE Trans. Plasma Sci.  Available:http://www.halcyon.com/pub/journals/21ps03-vidmar [Accessed 2018, February 14] (online only source with date of access and URL example) 
@article{vidmar1992on,
author={Vidmar, R J},
year={1992},
title={On the use of atmospheric plasmas as electromagnetic reflectors},
journal={{IEEE} Trans. Plasma Sci.},
volume={21},
pages={876--880}}
%url={\url{http://www.halcyon.com/pub/journals/21ps03-vidmar}}
